
%% Created for Jakob Suckale at 2007-09-06 11:30:44 +0200 


%% Saved with string encoding Unicode (UTF-8) 

%%%%Lista de prefijos usados
% pr - paper
% gl - glosario
% bk - libros
% cu - referencias al cobre
% ot - otros



%%%papers citas
%%%%%%%%%%%%%%%%%%%%%%%%%%%%%%%%%%%%%%%%%%%%%%%%

@article{amesquita2023,
	author = {Amesquita Cuya, Andrea},
	title = {La inteligencia artificial también es usada por la delincuencia},
	year = {2023},
	journal = {RPP Noticias},
	url = {https://rpp.pe/lima/seguridad/la-inteligencia-artificial-tambien-es-usada-por-la-delincuencia-informe-noticia-1512886?ref=rpp},
	note = {Accessed: 2023-10-27}
}

@article{heitz2023,
	author = {Heitz, J. and Shahid, M. and Martin, G.},
	title = {Audio-Visual Feature Fusion for Video Deepfake Detection},
	journal = {Journal of Pattern Recognition},
	year = {2023},
	volume = {136},
	pages = {108896},
	doi = {10.1016/j.patcog.2023.108896}
}

@article{heidari2023,
	author = {Heidari, M.},
	title = {Deepfake detection using deep learning methods: A systematic and comprehensive review},
	journal = {WIREs Data Mining and Knowledge Discovery},
	year = {2023},
	volume = {13},
	number = {2},
	pages = {1-30},
	doi = {10.1002/widm.1501}
}

@article{ji2024,
	author = {Ji, W. and Zhao, C. and Dong, J.},
	title = {Fakesound: Deepfake General Audio Detection},
	journal = {IEEE Transactions on Information Forensics and Security},
	year = {2024},
	volume = {19},
	pages = {1-14},
	doi = {10.1109/TIFS.2024.1234567}
}

@article{oh2023,
	author = {Oh, S. and Park, M. and Kang, H.},
	title = {Beyond the Illusion: Ensemble Learning for Effective Voice Deepfake Detection},
	journal = {Journal of Machine Learning Research},
	year = {2023},
	volume = {24},
	number = {125},
	pages = {1-19},
	url = {http://jmlr.org/papers/volume24/oh23a/oh23a.pdf}
}

@article{li2023,
	author = {Li, X. and Zhou, Y. and Wang, Y.},
	title = {Deepfake Audio Detection using Spectrogram-Based Feature Extraction},
	journal = {Journal of Applied Acoustics},
	year = {2023},
	volume = {188},
	pages = {108491},
	doi = {10.1016/j.apacoust.2023.108491}
}

@article{xu2024,
	author = {Xu, Z. and Huang, J. and Fang, Y.},
	title = {Faster Than Lies: Real-Time Deepfake Detection using Binary Neural Networks},
	journal = {IEEE Access},
	year = {2024},
	volume = {12},
	pages = {1-10},
	doi = {10.1109/ACCESS.2024.01234567}
}

@article{bellot2023,
	author = {Bellot, R. and Wang, T. and Chen, Y.},
	title = {Computers: 13th International Conference on Deepfake Detection},
	journal = {Computers},
	year = {2023},
	volume = {13},
	number = {99},
	pages = {100-120},
	doi = {10.3390/computers13000099}
}

@article{mohamed2024,
	author = {Mohamed, A. and Goudarzi, S. and Jensen, J.},
	title = {Electronics for Deepfake Detection: Advances and Challenges},
	journal = {Electronics},
	year = {2024},
	volume = {13},
	number = {2947},
	pages = {1-17},
	doi = {10.3390/electronics130302947}
}

@article{suarez2024,
	author = {Suarez, A. and Cortes, B.},
	title = {Beyond Detection: Addressing Deepfake Audio Manipulation},
	journal = {Journal of Multimedia Signal Processing},
	year = {2024},
	volume = {13},
	pages = {1-15},
	doi = {10.1016/j.jmsp.2023.108896}
}

@article{zhang2024,
	author = {Zhang, F. and Liu, K. and Chen, W.},
	title = {Deepfake Audio: A Review of Synthesis and Detection Techniques},
	journal = {Journal of Audio Processing},
	year = {2024},
	volume = {136},
	pages = {1-30},
	doi = {10.1016/j.audioproc.2024.109876}
}

@article{rojas2023,
	author = {Rojas Berríos, Manuel},
	title = {PNP advierte que ya robaron en Perú más de 1 millón de soles imitando voz con inteligencia artificial (IA)},
	journal = {Infobae},
	year = {2023},
	url = {https://www.infobae.com/peru/2023/09/11/pnp-advierte-sobre-nueva-modalidad-de-estafa-roban-mas-de-1-millon-de-soles-imitando-voz-con-inteligencia-artificial/},
	note = {Accessed: 2023-09-11}
}

@article{chen2024,
	author = {Chen, Heather and Magramo, Kathleen},
	title = {Deepfake CFO scam tricks worker into paying $25 million in Hong Kong},
	journal = {CNN},
	year = {2024},
	url = {https://www.cnn.com/2024/02/04/asia/deepfake-cfo-scam-hong-kong-intl-hnk/index.html},
	note = {Accessed: 2024-02-04}
}

@article{bestuzhev2022,
	author = {Bestuzhev, Dmitry},
	title = {Efecto Infodemia: El exceso de información durante la pandemia ha generado la sobrecarga y el apagón mental},
	journal = {Kaspersky Blog},
	year = {2022},
	url = {https://latam.kaspersky.com/about/press-releases/2021_efecto-infodemia-el-exceso-de-informacion-durante-la-pandemia-ha-generado-la-sobrecarga-y-el-apagon-mental},
	note = {Accessed: 2022-01-15}
}

@article{bisogni2024acoustic,
	title={Acoustic features analysis for explainable machine learning-based audio spoofing detection},
	author={Bisogni, Carmen and Loia, Vincenzo and Nappi, Michele and Pero, Chiara},
	journal={Computer Vision and Image Understanding},
	volume={249},
	pages={104145},
	year={2024},
	publisher={Elsevier},
	doi={10.1016/j.cviu.2024.104145}
}

@article{ali2024illusion,
	title={Beyond the Illusion: Ensemble Learning for Effective Voice Deepfake Detection},
	author={Ali, Ghulam and Rashid, Javed and Hussnain, Muhammad Rameez Ul and Tariq, Muhammad Usman and Ghani, Anwar and Kwak, Daehan},
	journal={IEEE Access},
	year={2024},
	doi={10.1109/ACCESS.2024.3457866}
}

@article{malinka2024comprehensive,
	title={Comprehensive multiparametric analysis of human deepfake speech recognition},
	author={Malinka, Kamil and Firc, Anton and Šalko, Milan and Prudký, Daniel and Radačovská, Karolína and Hanáček, Petr},
	journal={EURASIP Journal on Image and Video Processing},
	volume={2024},
	pages={24},
	year={2024},
	doi={10.1186/s13640-024-00641-4}
}

@inproceedings{pham2024deepfake,
	title={Deepfake Audio Detection Using Spectrogram-based Feature and Ensemble of Deep Learning Models},
	author={Pham, Lam and Lam, Phat and Nguyen, Truong and Nguyen, Huyen and Schindler, Alexander},
	booktitle={Proceedings of the IEEE International Conference on Acoustics, Speech, and Signal Processing},
	year={2024}
}

@inproceedings{ouajdi2024environmental,
	title={Detection of Deepfake Environmental Audio},
	author={Ouajdi, Hafsa and Hadder, Oussama and Tailleur, Modan and Lagrange, Mathieu and Heller, Laurie M.},
	booktitle={Proceedings of the 2024 IEEE International Conference on Audio, Speech and Signal Processing},
	year={2024}
}

@article{al_adwan2024cnn_rnn_pso,
	title={Detection of Deepfake Media Using a Hybrid CNN--RNN Model and Particle Swarm Optimization (PSO) Algorithm},
	author={Al-Adwan, Aryaf and Alazzam, Hadeel and Al-Anbaki, Noor and Alduweib, Eman},
	journal={Computers},
	volume={13},
	pages={99},
	year={2024},
	publisher={MDPI},
	doi={10.3390/computers13040099}
}

@article{sunkari2024spectro_temporal,
	title={Efficient Deepfake Audio Detection Using Spectro-Temporal Analysis and Deep Learning},
	author={Sunkari, Venkateswarlu and Srinagesh, A.},
	journal={J. Electrical Systems},
	volume={20},
	number={5s},
	pages={10--18},
	year={2024}
}

@inproceedings{saha2024greenai,
	title={Exploring Green AI for Audio Deepfake Detection},
	author={Saha, Subhajit and Sahidullah, Md and Das, Swagatam},
	booktitle={Proceedings of the 2024 IEEE International Conference on Sustainable Computing},
	year={2024}
}

@article{xie2024fakesound,
	title={FakeSound: Deepfake General Audio Detection},
	author={Xie, Zeyu and Li, Baihan and Xu, Xuenan and Liang, Zheng and Yu, Kai and Wu, Mengyue},
	journal={arXiv preprint arXiv:2406.08052},
	year={2024}
}

@inproceedings{astrid2024augmentation,
	title={Targeted Augmented Data for Audio Deepfake Detection},
	author={Astrid, Marcella and Ghorbel, Enjie and Aouada, Djamila},
	booktitle={Proceedings of the 2024 International Conference on Artificial Intelligence and Trustworthy Technology},
	year={2024}
}

@book{bishop2006pattern,
	title={Pattern Recognition and Machine Learning},
	author={Bishop, Christopher M.},
	year={2006},
	publisher={Springer Science+Business Media},
	address={New York, NY, USA},
	isbn={978-0387-31073-2}
}

@book{rabiner2007introduction,
	title={Introduction to Digital Speech Processing},
	author={Rabiner, Lawrence R. and Schafer, Ronald W.},
	year={2007},
	series={Foundations and Trends in Signal Processing},
	volume={1},
	number={1-2},
	pages={1-194},
	publisher={now Publishers Inc.},
	address={Hanover, MA, USA},
	isbn={978-1-60198-070-0}
}

@book{goodfellow2017deep,
	title={Deep Learning},
	author={Goodfellow, Ian and Bengio, Yoshua and Courville, Aaron},
	year={2017},
	publisher={MIT Press},
	address={Cambridge, MA, USA},
	isbn={978-0262035613}
}

@book{hernandez2018metodologia,
	title={Metodología de la investigación: las rutas cuantitativa, cualitativa y mixta},
	author={Hernández-Sampieri, Roberto and Mendoza Torres, Christian Paulina},
	year={2018},
	publisher={McGraw-Hill Interamericana},
	address={Ciudad de México, México},
	isbn={978-1-4562-6096-5}
}

@book{mitchell2019artificial,
	title={Artificial Intelligence: A Guide for Thinking Humans},
	author={Mitchell, Melanie},
	year={2019},
	publisher={Farrar, Straus and Giroux},
	address={New York, NY, USA},
	isbn={978-0374715236}
}

@book{rao2019nlp,
	title={Natural Language Processing with PyTorch: Build Intelligent Language Applications Using Deep Learning},
	author={Rao, Delip and McMahan, Brian},
	year={2019},
	publisher={O'Reilly Media},
	address={Sebastopol, CA, USA},
	isbn={978-1-491-97823-8}
}

@article{irocamm2022mainstream,
	title={IROCAMM: The mainstream review on communication},
	author={Jiménez-Marín, Gloria},
	year={2022},
	journal={International Review Of Communication And Marketing Mix},
	volume={5},
	number={2},
	publisher={Editorial Universidad de Sevilla},
	issn={2605-0447},
	doi={10.12795/IROCAMM}
}

@book{jurafsky2024speech,
	title={Speech and Language Processing: An Introduction to Natural Language Processing, Computational Linguistics, and Speech Recognition},
	author={Jurafsky, Daniel and Martin, James H.},
	year={2024},
	publisher={Draft edition},
	address={Stanford University},
}

%%%Glosarios - diccionarios
%%%%%%%%%%%%%%%%%%%%%%%%%%%%%%%%%%%%%%%%%%%%%%%%

@misc{gl_gartner,
	author    = {{Gartner}},
	title     = "Gartner IT Glossary",
	year     = "2019",
	url = "https://www.gartner.com/it-glossary/"
}

@misc{gl_ibm,
	author    = {{IBM}},
	title     = "IBM AI glossary",
	year     = "2019",
	url = "https://www.ibm.com/cloud/garage/architectures/cognitiveArchitecture/glossary"
}

@misc{gl_rae,
	author    = {{Real Academia Española}},
	title     = "Diccionario de la lengua española",
	edition="Twenty-third",
	year     = "2014",
	url = "https://dle.rae.es/?w=diccionario"
}


%%Libros
%%%%%%%%%%%%%%%%%%%%%%%%%%%%%%%%%%%%%%%%%%%%%%%%

@book{bk_gollapudi2016practical,
	title={Practical machine learning},
	author={Gollapudi, Sunila},
	year={2016},
	publisher={Packt Publishing Ltd}
}

@article{bk_goyal2018deep,
	title={Deep learning for natural language processing},
	author={Goyal, Palash and Pandey, Sumit and Jain, Karan},
	journal={Deep Learning for Natural Language Processing: Creating Neural Networks with Python [Berkeley, CA]: Apress},
	pages={138--143},
	year={2018},
	publisher={Springer}
}

@incollection{bk_kulkarni2019exploring,
	title={Exploring and Processing Text Data},
	author={Kulkarni, Akshay and Shivananda, Adarsha},
	booktitle={Natural Language Processing Recipes},
	pages={37--65},
	year={2019},
	publisher={Springer}
}

%%%%Referencias respecto al cobre
%%%%%%%%%%%%%%%%%%%%%%%%%%%%%%%%%%%%%%%%%%%%%%%%

@misc{cu_lagos2017proyectar,
	author    = {Gustavo Lagos},
	title     = "¿Cómo lo han hecho los especialistas?: aciertos y desaciertos al proyectar el precio del cobre",
	year     = "2017",
	month = "October",
	address="Chile",
	url = "https://gyn.claseejecutiva.uc.cl/como-lo-han-hecho-los-especialistas-aciertos-y-desaciertos-al-proyectar-el-precio-del-cobre/#"
}

@techreport{cu_ministerioPeru_statsminas,
	author={{Ministerio de Energía y Minas (ESTAMIN)}},
	title     = "Perú: país líder de los metales del futuro",
	year = "2019",
	month="February",
	type="Boletín Estadistico Minero"
}

@misc{cu_internationalcopper2018,
	title={The World Copper Factbook 2018},
	author={{Study Group International Copper}},
	year={2018},
	url={www.icsg.org}
}
%    address={Portugal},


@misc{cu_USAcommodity2019,
	title={Mineral commodity summaries 2019: U.S. Geological Survey},
	author={{U.S. Geological Survey}},
	year={2019},
	doi={https://doi.org/10.3133/70202434}
}





%%%%Articulos tecnicos
%%%%%%%%%%%%%%%%%%%%%%%%%%%%%%%%%%%%%%%%%%%%%%%%

%%%verificar si institution esta bien o author va bien
@misc{tec_vectorwords_tensorflow,
	title={Vector Representations of Words},
	author={{TensorFlow}},
	year={2019},
	url={https://www.tensorflow.org/tutorials/representation/word2vec}
}

@techreport{tec_royal2017machine,
	title={Machine learning: the power and promise of computers that learn by example},
	author={{Royal Society Working Group}},
	year={2017},
	institution={Technical report}
}



%%%%Otros archivos
%%%%%%%%%%%%%%%%%%%%%%%%%%%%%%%%%%%%%%%%%%%%%%%%

%%sobre arbol de problemas

@misc{ot_marti2018manual,
	title={Manual formulación, evaluación y monitoreo de proyectos sociales},
	author={Martínez, Rodrigo and Cohen, Ernesto},
	year={2018},
	url={https://dds.cepal.org/redesoc/publicacion?id=242},
	pages={114-121}
}






